<?xml version="1.0" encoding="UTF-8"?><collection xmlns="http://www.loc.gov/MARC21/slim"><record><leader>00715nam--2200205-i-4500</leader><controlfield tag="001">000015248</controlfield><controlfield tag="002">20161230</controlfield><controlfield tag="005">20161230201031</controlfield><controlfield tag="008">060222s1000------------r-----000-0-eng-d</controlfield><datafield ind1=" " ind2=" " tag="020"><subfield code="a">9630529866</subfield></datafield><datafield ind1=" " ind2=" " tag="040"><subfield code="a">IFIN-HH</subfield></datafield><datafield ind1=" " ind2=" " tag="080"><subfield code="a">539.186(061.3)</subfield></datafield><datafield ind1="1" ind2=" " tag="100"><subfield code="a">Ber©♭nyi, D©♭nes</subfield></datafield><datafield ind1="1" ind2="0" tag="245"><subfield code="a">High-energy ion-atom collisions</subfield><subfield code="b">Proceedings of the international seminar on high-energy ion-atom collision preocesses debrecen, hungary 17-19 march 1981 surveys and contributed papers</subfield><subfield code="c">D. berenyi, g. hock (eds.)</subfield></datafield><datafield ind1=" " ind2=" " tag="260"><subfield code="a">Budapest</subfield><subfield code="b">Akademiai Kiado</subfield><subfield code="c">1982</subfield></datafield><datafield ind1=" " ind2=" " tag="300"><subfield code="a">275 P</subfield></datafield><datafield ind1=" " ind2=" " tag="490"><subfield code="a">Nuclear Methods Monograph Series</subfield><subfield code="v">Volume 2</subfield></datafield><datafield ind1="1" ind2=" " tag="700"><subfield code="a">Hock, G</subfield><subfield code="e">Ed</subfield></datafield><datafield ind1=" " ind2=" " tag="852"><subfield code="a">47223</subfield><subfield code="c">539</subfield></datafield><datafield ind1=" " ind2=" " tag="CAT"><subfield code="a">Sys</subfield><subfield code="c">20111012</subfield><subfield code="h">115558</subfield></datafield></record></collection>